517093656.7076995373 16503800.6328125000
517199089.2890372276 16528627.3242187500
523063332.1445512176 17099826.2421875000
522793001.6160667539 17088245.5117187500
522827717.6402705312 17092103.8242187500
522691523.5807288289 17083999.6718750000
522939297.3839405179 17098302.0976562500
522604347.1107853055 17077370.6718750000
522552861.5715123415 17071446.3203125000
523078791.7730806470 17107616.0351562500
522601732.7305690646 17074891.5781250000
534603796.3157853484 17957616.0312500000
534262002.7736485600 17938206.4726562500
534345009.5353762507 17942541.1640625000
534360658.1547709107 17952142.9648437500
534631735.2756212354 17958547.7968750000
535047175.6339306235 17977472.3242187500
535071076.0724837184 17979697.9843750000
535216212.3972054124 17984198.7578125000
549727909.6672390699 18661007.9531250000
549658935.9625166655 18657411.9140625000
561982660.7901947498 18996952.5703125000
562359916.2148103714 19010715.9218750000
563518684.8635734320 19031561.8242187500
563671961.3301553726 19034402.8007812500
570760817.9601022005 19184998.4140625000
571018498.7610913515 19185719.6484375000
570920788.3640680313 19185318.2304687500
582623597.9527320862 19332163.7890625000
581840319.3431516886 19323420.0781250000
582132537.4506397247 19329111.2812500000
581912799.8592888117 19324464.7578125000
600309588.9733374119 19435753.3281250000
534939521.6709323525 17977041.7734375000
535148413.4991688728 17982685.1523437500
535281842.0172929168 17987032.8203125000
534526506.0067739487 17955515.2617187500
534739776.6187726855 17967984.3125000000
534323290.5921474099 17941351.5976562500
534734628.3208668828 17964881.6562500000
534677256.6238477230 17960803.6757812500
534888353.6765537858 17970704.3515625000
516771270.5727251768 16492269.8554687500
522545540.3175178170 17070173.5117187500
522771482.2892192006 17085189.8320312500
551264913.9815542698 18705251.0195312500
550698321.7858254910 18689779.7695312500
551345688.3770388365 18710044.8281250000
516085794.5588104129 16364563.3554687500
515971979.7607295513 16352977.8554687500
548386903.4014320374 18613480.5820312500
549285103.7737590075 18647451.1015625000
549452489.5613304377 18649733.5664062500
563314031.7563788891 19030243.6718750000
563543584.7770497799 19033406.5585937500
582103471.4212918282 19326077.5000000000
516029561.6815341115 16357192.6406250000
515882175.1021535993 16345316.1289062500
515761652.6858940125 16290566.7226562500
515913131.1787763238 16346560.9375000000
517318283.4504861236 16535997.7343750000
517754210.4348589778 16547828.4062500000
547543232.7433385849 18568114.5625000000
547590293.9791166782 18573861.7343750000
547290355.8611299992 18554098.8593750000
570626034.1009192467 19181612.3945312500
581219034.2426459789 19321601.6562500000
515780333.4389901161 16322859.4726562500
580384425.0893943310 19312223.2343750000
580451725.8338240385 19313619.9765625000
580976321.4109197855 19319286.3437500000
580523988.2583005428 19313940.1523437500
580122757.9072743654 19308607.1015625000
523170780.5065229535 17107999.4101562500
570554273.2858690023 19178757.3476562500
570045266.6434791088 19172177.1250000000
570239386.6882839203 19175229.1015625000
517345598.3788298965 16540221.0312500000
551238716.5458838940 18703004.3828125000
562985272.2590423822 19021460.6679687500
571024071.7660678625 19187798.2304687500
570315041.0521709919 19178282.1289062500
574117094.6856999397 19227576.1015625000
516345308.4899067879 16398374.3437500000
516334139.4018114209 16391055.9570312500
516200993.8662175536 16374410.8085937500
516401325.1179729700 16410601.4726562500
516888069.4790230989 16494485.1171875000
599816085.5833495855 19425227.9257812500
516467897.6847866178 16439860.3750000000
516528909.1068187356 16451249.1210937500
516595641.9638211131 16462758.8515625000
573539183.2324553728 19221241.1875000000
551046046.2233743668 18699455.1289062500
578371295.9044593573 19281168.5078125000
578886063.5133988857 19282039.3437500000
599370257.7258542776 19423927.3398437500
599077890.5661144257 19420987.6835937500
599111537.1884984970 19422300.2617187500
550818471.0258322954 18694228.7656250000
550656087.8067471981 18685934.5625000000
550250698.8691526651 18677426.3281250000
547414870.8329790831 18567991.3632812500
550277823.1170307398 18677840.0234375000
598717525.8144674301 19419265.3867187500
547952728.5837788582 18587633.4101562500
516368849.0923696756 16403008.8398437500
547831435.2115218639 18586966.9726562500
598097214.5401993990 19409554.1132812500
534166275.1647682190 17914322.3085937500
549540109.3532328606 18654104.3789062500
579713615.5698653460 19292061.3515625000
521784803.1302931309 16970748.5742187500
521750552.3304618597 16964670.5742187500
521707084.9455584884 16956415.7421875000
521538433.2200076580 16944319.7265625000
521435085.2623569369 16927877.0507812500
577782112.0618774891 19270997.3085937500
517807431.0235402584 16571590.0195312500
517939693.6789580584 16577175.1406250000
521279689.1161221862 16917221.8359375000
521221190.9984991550 16906940.2500000000
521411413.5898733139 16926142.5546875000
549460730.7192187309 18651810.4140625000
549132735.5118907690 18640983.5937500000
549176806.1278349161 18641004.8320312500
573214493.4326330423 19213870.1445312500
598444108.1036787033 19418222.9804687500
562711094.7463746071 19015318.2968750000
517767758.6152764559 16568449.8632812500
547967285.7378792763 18590371.5195312500
533900415.8422824144 17886938.9843750000
533798393.4368522167 17882319.0820312500
521093886.8172888756 16900809.0429687500
533917690.6467688084 17890191.9140625000
533973892.6480259895 17895007.3085937500
534149921.6646184921 17904571.2890625000
597679067.8193554878 19409270.5039062500
597384976.0073899031 19406446.0898437500
577801778.9741586447 19272586.2148437500
577476336.6404887438 19268558.4804687500
597574240.0089421272 19406586.7226562500
520727806.0608979464 16863384.7070312500
520595671.5434634686 16846407.0039062500
520379738.4983632565 16828819.8320312500
520531163.1851971149 16840484.7773437500
520211589.5009840727 16806646.3945312500
520333828.3244938850 16816560.5390625000
520114267.1389846802 16801571.8867187500
577231326.7194700241 19265197.1601562500
577278528.1244837046 19267276.9882812500
577095553.8431127071 19264784.1757812500
572887609.5331101418 19203812.0585937500
576546943.9568252563 19254237.7617187500
576466655.8228271008 19250817.8398437500
572691946.8403685093 19200591.8476562500
561446181.2480368614 18974881.8281250000
575025051.7164161205 19231708.0859375000
519596506.0586141944 16733865.3437500000
519597773.7349531651 16734533.0781250000
519482963.7620348930 16729842.5937500000
533612525.5960599780 17844247.7539062500
561624314.9117648602 18984267.5664062500
519477566.4969507456 16712055.3085937500
519303300.2564139366 16705471.4843750000
519107030.8778045177 16681952.9179687500
518896747.0314904451 16660605.5976562500
572536370.9572180510 19198883.2460937500
518933744.6225840449 16661011.0312500000
518764595.3819476366 16630788.9453125000
518691446.4575428963 16630468.0625000000
572640103.9723002911 19199710.3632812500
518649992.9242588282 16624324.5468750000
518639830.7384222746 16621521.0156250000
595743197.7062759399 19387672.0664062500
518468797.1488206983 16601269.7304687500
596444875.7084873915 19389770.3632812500
596465192.4635320902 19390553.6367187500
532568161.3830230832 17755393.6289062500
532950280.7424690127 17783401.4296875000
532707993.2486559749 17768613.4492187500
532453529.6208279133 17738016.7460937500
532680434.2845771313 17757899.0000000000
532625515.5776122808 17757629.5078125000
532234248.8435611725 17736135.0195312500
532537278.0204387307 17747784.0585937500
569674152.8957396746 19131242.8125000000
569800790.6436766386 19132752.0000000000
569307832.1936630011 19119398.2734375000
568957703.5494883060 19114120.9726562500
569501018.6039828062 19127208.5937500000
569290141.3740627766 19117041.8125000000
569309477.0234391689 19123616.1093750000
569117263.6020122766 19116173.3398437500
569241637.7690755129 19116908.2343750000
595174937.2346782684 19374219.6835937500
567958399.1430886984 19095649.3554687500
566463159.1412230730 19059665.6367187500
566391788.2464829683 19059296.7343750000
566315802.4526981115 19056894.7500000000
565671159.7118824720 19049180.5156250000
565357571.2432464361 19043342.6250000000
565602347.5052721500 19046442.9453125000
565502941.4308693409 19045481.8359375000
561046822.5259332657 18957409.3007812500
560806881.5193352699 18943642.9257812500
560809495.8653701544 18949934.2617187500
558530564.0308736563 18881472.8945312500
558468481.3515253067 18879447.9648437500
558364691.3739225864 18878276.9960937500
558131190.6870262623 18872401.4687500000
557696551.6268465519 18852171.2109375000
557807052.9004588127 18854305.6835937500
556748268.8781269789 18813866.1054687500
556164538.3874408007 18798534.3945312500
556335167.7242019176 18804849.0312500000
556217552.2109605074 18800545.4335937500
556053589.4211022854 18797745.6250000000
555370809.1240099669 18777188.2226562500
555847204.8893805742 18785064.6132812500
531954966.5200362802 17655948.6445312500
532020197.6425849795 17662676.2343750000
531935253.3568214774 17655376.4765625000
532049128.1601036191 17667910.6835937500
531885690.4212165475 17654245.7460937500
595134220.9317640066 19366002.6289062500
554669958.9903953075 18746949.6718750000
554258807.2718749046 18738994.5234375000
554211646.4068837166 18732782.1015625000
554065104.4899990559 18731183.3242187500
553699095.2253528833 18723412.8945312500
553932944.1362906694 18727674.9062500000
553777295.8039075136 18727448.6250000000
547201778.0738182068 18454144.2734375000
546415018.3843431473 18408352.7539062500
545327345.7611613274 18355931.7500000000
544592468.5195904970 18323042.0039062500
544750013.1391091347 18327331.3593750000
544513950.4263445139 18318165.0585937500
544486204.7040483952 18310334.8789062500
544358538.7282260656 18310100.7851562500
544281957.1775370836 18304890.5390625000
542602064.3972926140 18235789.4257812500
542389719.1385979652 18224501.1992187500
542588328.3312308788 18234099.5390625000
542216830.3140373230 18222853.6171875000
542522503.2041646242 18231952.3398437500
542405222.9886654615 18226523.5742187500
542035949.8639463186 18212722.3671875000
541099485.9006024599 18157301.1054687500
540969656.7964510918 18146946.5664062500
540925357.6392025948 18140395.8984375000
540223315.8493058681 18106380.0976562500
539256963.7849370241 18052545.4179687500
539548671.5264452696 18069662.2968750000
540168142.1449275017 18093172.4609375000
539971891.5668827295 18085602.1171875000
539679288.8471685648 18079132.6015625000
539504397.7810105085 18067054.8515625000
538378711.3491444588 17996298.2851562500
538248280.7014027834 17987978.7539062500
531854492.8977764845 17645270.6835937500
531717191.3994492888 17584549.3554687500
531490413.8060411811 17584158.4804687500
531473726.9744728208 17576083.0781250000
594890058.6920106411 19362956.1601562500
530760623.0511848927 17523621.2890625000
594491611.5036145449 19360226.8710937500
594118321.8773541451 19354142.0429687500
594551643.2856702805 19361076.1835937500
530412983.9513054490 17508074.0312500000
530308261.5097769499 17498253.2187500000
530011067.9045510888 17471783.4648437500
530168776.1027544141 17493128.8789062500
530028108.4856901765 17473497.6523437500
529728650.5652856231 17443180.0156250000
529570083.8184203506 17427399.9531250000
529632791.6770532727 17436898.1953125000
529073701.3552838564 17405948.8632812500
528675877.6328567863 17366125.9062500000
528790711.1641463637 17376362.1679687500
528635608.6724020839 17364773.3554687500
528820291.0846371055 17378107.6171875000
528254300.6196804643 17313615.2109375000
528102291.1808561683 17308549.2968750000
528008859.7406513095 17295668.9375000000
527915595.3842722774 17282772.3789062500
528001669.3437926769 17285186.9257812500
527710896.3387318254 17267471.2695312500
527613039.5359764099 17248636.8671875000
527357637.0653880835 17228798.2578125000
527261055.2569143772 17212593.5156250000
526940795.8474507332 17180572.7578125000
527123744.1806728840 17189641.6875000000
526866111.1259022951 17175085.0976562500
526646826.7191712856 17152791.0156250000
526597522.4606959820 17147004.5976562500
526580847.7443665266 17143290.7929687500
526446388.4849631786 17129110.0039062500
526375532.8976275325 17116433.7773437500
