518076070.1263765097 1742.4701164295
570840227.8454962969 4776.2332104839
574031185.3010990620 4897.6402548512
577595781.7290248871 5008.2755828653
604855611.9541370869 5603.8550806046
615165391.4532990456 5691.1529502869
616281912.6963646412 5708.6502532959
527748334.6394103169 2786.2077209806
543914135.9512591362 3713.4595626709
527331028.7806613445 2753.4860636521
542753058.0491323471 3663.6606626660
570715505.0954587460 4773.3642157711
570563895.4993354082 4770.6011561550
573962095.4602444172 4897.4939850827
576709808.7606283426 4981.4595231938
519049260.5631458163 1876.7178463980
529922699.7545988560 2958.1540180517
529986688.9110002518 2960.7125746084
543316777.5774356127 3691.7748154115
542663947.7645362616 3660.1094463777
616033133.8169394732 5706.1072912216
605616008.8928711414 5614.8152084351
517539866.2060365081 1611.0397322242
517521882.8356617689 1610.9698037721
517576292.2055407166 1611.9478752678
517477646.2730764747 1584.1472591670
570334787.0884897709 4762.2112674251
577373689.4032053947 5000.0253859090
605646614.1595882177 5618.8698034286
616992298.1222856045 5710.8286390305
618327596.0075596571 5713.0868558884
517505928.8058067560 1606.4841941675
570262805.4744014740 4756.6630582012
604764009.2190793753 5603.8154821396
604934924.4424153566 5607.7395973206
518407742.2486881614 1803.6396526147
518757020.5657636523 1851.3789582340
543940551.8842085600 3725.1175662485
544446319.8970196247 3737.9407769648
529996507.9214291573 2960.8423843060
576895367.7890589237 4988.4529867100
604681180.6119810343 5601.4684910774
517419729.4310385585 1564.8697738538
518009859.8364278078 1736.7253109712
530345717.3764623404 2978.1765011621
542585514.9469894171 3656.7929004989
604306217.7869684696 5592.3333294392
604640536.8935214281 5597.4069924355
518559552.9896459579 1818.8880347092
532087450.4830572605 3101.7651618872
544303990.4354134798 3734.8147760203
576036155.8361270428 4951.8174146342
577336870.2091232538 4999.0029699470
517491400.7205714583 1606.4606964653
532194233.9658739567 3108.1151149689
577476754.2864881754 5000.3469373990
517194604.3794448972 1341.8838855794
517225366.5957100987 1361.2231438922
542492219.4066666365 3655.8652747648
550074030.2164430618 3958.9799401444
517605390.6967265606 1632.8251856630
518670862.9494336843 1832.8706293620
527515072.2864713669 2773.5828797150
576163639.6802175045 4962.8112807202
532935793.2494740486 3118.3800665296
574605286.3341991901 4914.7654150983
574290261.2530076504 4907.0071648618
606233541.0441164970 5623.2125015259
607058149.4750744104 5633.0267868042
527261841.3929352164 2752.2767636109
532458537.8216335773 3112.9887049684
518127818.9721139073 1759.3403898120
530112284.1737588644 2967.6846109701
577531313.6107915640 5001.9958674575
517699733.7000219226 1658.9223173899
520774098.7225126624 2073.1165497633
527775312.6782380939 2788.0882888242
578764234.5499275923 5030.5183557337
577973862.2151584625 5015.1725633296
518482140.8233051896 1810.3307505168
517274187.7334673405 1416.2177118885
517329677.5305824876 1418.5702222793
520601918.2983146310 2058.4438529895
550129540.2107360363 3963.6436354798
606383053.6415964365 5624.0472488403
530979126.6868719459 3032.5871532785
517283933.0198667049 1416.8018495568
527775516.5612251163 2792.2750069428
605958267.7060469389 5620.3824501038
606384497.9020007849 5626.1408586502
520741706.9936304092 2064.9028832354
517217635.3366281986 1360.7599766120
520397979.8322792053 2032.8206329826
520524370.8489448428 2049.6756192134
549902857.8855247498 3956.6244938057
615615641.4484857321 5702.4410009384
530028518.5236495733 2965.4519368928
550654852.2678604126 3988.2602262926
531277163.0894808769 3051.5261493628
570111656.6546156406 4751.1355842747
517820746.1218252778 1670.8607260980
517944389.7796028852 1702.8901998670
530184203.6149311662 2977.1028410869
550227625.9619534016 3973.2022651565
542762199.0296846628 3665.8356150584
520168829.1157357693 2007.3271543036
542802270.6858111620 3666.0700767238
570129749.3354263306 4751.5477883018
594087728.3437854052 5404.1235303879
517226190.2381687164 1378.7011988592
517354673.3440517783 1444.9824438768
530969806.6140244007 3024.1160913412
520372314.6106877327 2027.7243502347
520303911.3971664310 2015.5567106419
539493163.5501621962 3494.2564404161
570184411.4922693968 4754.8787326015
530890396.9468985200 3023.4254535925
539439101.0516015291 3494.0732548387
615308068.0389978886 5699.2355155945
527997272.2482119799 2804.7636639405
529535605.1301618814 2928.6679192423
530607638.0827855468 3000.3220133508
542672365.0343893766 3661.8845321518
529906759.5223968625 2956.5718279944
529493277.7364466190 2928.3307250668
542615213.3985373974 3660.0105385892
550888770.4312492609 3998.8786326857
528619492.3605521321 2849.6466445085
542969167.5214741230 3676.7823873273
528271103.4669626355 2819.1830624696
539101419.9459804296 3463.7253367054
542373179.9591588974 3650.8030075393
529713214.6509661674 2939.6161383853
542240224.2823572159 3642.8350233398
520078148.5061256886 1991.0593748073
520058372.4538295865 1989.0750259003
517363025.9056805968 1463.6701497363
517872695.4485225081 1689.6737424422
517766498.5949705839 1666.1681888112
517810695.5736127496 1668.5494798915
542102537.8443404436 3633.0459990877
528230849.7147122622 2818.5535934102
519873011.5230215788 1965.7590717057
570240870.8198479414 4755.6919244326
575592754.4469527006 4936.5839124345
570618351.3215576410 4772.9228171505
594762196.8319002390 5418.6466894150
529732317.8007865548 2944.5852689386
551108405.8841514587 4004.0438055010
571425481.3735568523 4799.3385023643
597033457.2965695858 5457.1904411316
571137428.2604674101 4790.2586500852
541830225.1079823971 3616.7924547208
542012429.9154558182 3623.8222247845
541787617.1339265108 3616.2301564527
529460224.5490500927 2920.1571609949
519796611.2165968418 1947.2603710905
529281988.2864661217 2905.6206977109
575262074.3804565668 4928.8304410600
594334700.4660449028 5410.7106199265
529442535.4923643470 2916.2429466809
596639330.2173856497 5453.0241327286
595219924.0641504526 5425.4723477364
596509738.9374957085 5451.2195529938
572071346.2039318085 4814.4297027841
595896182.8563807011 5438.9098815918
529250105.4273848534 2880.5506164279
519847308.3401011229 1948.0990160503
519564140.4461295009 1914.6924273071
608240522.1469886303 5635.5124797821
596334804.6615277529 5447.0382394791
595826774.3851189613 5434.5937824249
519653978.3155764937 1925.1265589294
596164889.8416112661 5443.3256273270
608055423.2570214272 5634.1971263885
592506351.7735111713 5363.1531562805
519488448.1847102046 1883.8623029303
596374906.6588076353 5447.7835855484
608484313.7580169439 5637.4369010925
540923275.5225201845 3563.1689033428
596277272.1432828903 5446.7532720566
540514794.7030575275 3542.0227124750
540333112.2626476288 3533.8896940429
573393931.9265614748 4864.2051817484
572983477.1996965408 4839.8157569476
572733030.4529901743 4833.6707321711
592291429.3648626804 5359.3181047440
592217785.9089454412 5359.1902418137
549038861.4375259876 3912.2154056741
540138111.4960129261 3521.3607214487
592043259.2520442009 5351.5690536499
573236487.2148461342 4854.6260193817
592375773.9206213951 5362.5823049545
539917554.5114883184 3511.7830481616
591904972.7751495838 5346.8532840014
523965045.7425442934 2349.0774604739
540249510.8312451839 3526.0312679180
595492615.7103474140 5430.7407555580
595634378.8537577391 5433.6005454063
595114654.4351497889 5422.7403516769
572349882.2169680595 4825.8190275001
523837070.5059552193 2337.7063309098
549114634.7961832285 3918.7009266926
549662493.3315867186 3942.9945523271
549307499.8851041794 3927.7672671819
523673208.9400671721 2315.8408948374
523722679.3952494264 2326.6595067417
535354356.8938737512 3258.1951762802
523759335.9508233666 2329.9435707521
614925418.4102375507 5677.2780280113
537575121.5452796221 3375.0095027815
614792145.5338646173 5673.6375770569
569859812.2517346144 4723.6435203188
537178310.0271351337 3360.8120484563
536382121.6187458634 3316.0678514609
536240973.0061693788 3296.5327088266
536326068.3862062097 3310.9377602706
536147588.1611821651 3296.3790362432
536278306.1275842190 3301.3195746868
536001915.6403157711 3291.4816523650
535955284.2535955906 3289.9468865095
523440908.7273591757 2286.4895701815
534587981.7499543428 3200.3681688521
534787311.3418326974 3217.4270711157
569440646.2000434399 4700.0981491431
610381693.7369887829 5646.6557693481
610651017.8804382086 5646.9864025116
534097392.7728894353 3161.7287226898
533895467.3360487223 3155.9166537120
534039492.2878175974 3159.7736165641
533785789.1606898904 3152.2366095378
547872118.3848662376 3846.1258677692
533704510.1935153008 3141.2829937233
547917064.7704573870 3848.9924922835
611671871.2575993538 5656.1242914200
611464571.7587194443 5653.6579637527
611545331.9317450523 5655.3652801514
546326734.9147181511 3765.1117127479
599075946.6032457352 5463.0853285789
523026634.5996758342 2219.9627842263
611545201.7735804319 5653.8532152176
522947845.6482004523 2216.2561120323
522910067.5651860833 2213.1159400316
611967767.9493325949 5657.3706007004
523011930.2474493980 2217.2020858844
522314564.8801102638 2120.4246877159
522564144.4304729700 2143.9332886960
599697483.1165317297 5476.6023340225
600376986.8409211636 5482.6621303558
600242845.3707331419 5481.6055889130
600165084.3785525560 5479.1414813995
522333660.8078865409 2125.7172271933
599997205.4451311827 5478.2000937462
599850021.2778180838 5477.7204165459
614250894.3708066940 5658.6283130646
526041163.9482427239 2394.7438901085
526206558.7627993226 2401.7110259093
526310707.0188464522 2413.8405467942
526208449.4232699275 2408.2693863735
526790198.5212287307 2419.7849370854
561584695.0118411779 4334.8268000742
561100395.1294631958 4319.7425071879
604106833.4854166508 5512.0800189972
603958020.7389268875 5511.4003300667
603138881.4121512175 5494.1453375816
567833761.2042832375 4556.6000108871
603774787.8856775761 5506.3333392143
567467874.7931245565 4546.1018284950
567197055.4627945423 4535.2862308081
567175744.5857504606 4529.8194921072
567134738.5126203299 4527.9250694569
566200033.5129430294 4502.5490065361
566459966.3385827541 4509.7036439324
560189074.7677980661 4273.1553181803
560128151.8249861002 4271.0577650091
560554562.7618021965 4294.1861863902
560819756.2037174702 4304.1518073848
564196197.6734769344 4421.3144450595
564583485.6170078516 4424.8729449471
564159565.7855551243 4420.7874732425
562974885.4582459927 4380.7499281333
562943640.4628193378 4378.6932932304
562909350.7533816099 4377.5639606880
562760615.1150159836 4370.2860912706
559911887.2155265808 4249.3258692921
558565478.9084028006 4157.8303832141
558659341.0556229353 4167.8998335117
556900859.4594078064 4097.2654048234
558594448.7381873131 4161.0386942142
558488941.7492985725 4147.8372206081
558313162.9678866863 4144.4124626208
558314126.7058941126 4145.2246462095
590199013.4323860407 5091.2695952952
589946350.3950107098 5086.6936265528
590613478.6612632275 5099.2241025269
590181966.9850437641 5089.7650529444
590030530.1820944548 5088.8108007014
590560115.2151910067 5096.8588922024
590602780.6662576199 5097.9692103863
590764444.6834378242 5099.6796700954
